@misc{Danoising,
 author = {Authors},
 title = {Data noising as smoothing in neural network language models},
 note = {Supplied as additional material {\tt tr.pdf}},
 year = 2014
}

@article{Alpher02,
author = {A. Alpher},
title = {Frobnication},
journal = {Journal of Foo},
volume = 12, 
number = 1, 
pages = {234--778}, 
year = 2002
}

@article{Alpher03,
author = {A. Alpher and  J.~P.~N. Fotheringham-Smythe},
title = {Frobnication revisited},
journal = {Journal of Foo},
volume = 13, 
number = 1, 
pages = {234--778}, 
year = 2003
}

@article{Alpher04,
author = {A. Alpher and J.~P.~N. Fotheringham-Smythe and G. Gamow},
title = {Can a machine frobnicate?},
journal = {Journal of Foo},
volume = 14, 
number = 1, 
pages = {234--778}, 
year = 2004
}

@article{Jointly,
  title={Jointly optimizing diversity and relevance in neural response generation},
  author={Gao, Xiang and Lee, Sungjin and Zhang},
  journal={arXiv:1902.11205},
  year={2019}
}


@article{You,
author={Qian Liu, Yihong Chen, Bei Chen},
title={You Impress Me: Dialogue Generation via Mutual Persona Perception},
  journal={arXiv:2004.05388},
  year={2020}
}
@article{BERT,
author={Jacob Devlin, Ming-Wei Chang, Kenton Lee},
title={BERT: Pre-training of Deep Bidirectional Transformers for Language Understanding},
  journal={arXiv:1810.04805},
  year={2018}
}
@article{Improving,
author={Alec Radford, Karthik Narasimhan, Tim Salimans},
title={Improving Language Understanding by Generative Pre-Training},
journal={Openai},
url={https://openai.com/blog/language-unsupervised/},
year={2018}
}
@article{Qanet,
author={Adams Wei Yu, David Dohan, Minh-Thang Luong},
title={QAnet: Combining local convolution with global self-attention for reading comprehension},
  journal={arXiv:1804.09541},
  year={2018}
}
@article{Data,
author={Ziang Xie, Sida I. Wang, Jiwei Li},
title={Data noising as smoothing in neural network language models},
journal={ICLR},
publisher = {OpenReview.net},
year      = {2017},
url       = {https://openreview.net/forum?id=H1VyHY9gg},
timestamp = {Thu, 25 Jul 2019 14:25:50 +0200},
biburl    = {https://dblp.org/rec/conf/iclr/XieWLLNJN17.bib},
bibsource = {dblp computer science bibliography, https://dblp.org}
}
@article{Contextual,
author={Sosuke Kobayashi},
title={Contextual augmentation: Data augmentation by words with paradigmatic relations},
  journal={arXiv:1703.02573},
  year={2017}
}
@article{EDA,
author={Jason Wei, Kai Zou},
title={EDA: Easy Data Augmentation Techniques for Boosting Performance on Text Classification Tasks},
  journal={arXiv:1901.11196},
  year={2019}
}
@article{Focal,
author={Tsung-Yi Lin, Priya Goyal, Ross Girshick},
title={Focal Loss for Dense Object Detection},
  journal={ICCV},
  year={2017}
}
@article{Learning,
author={Mengye Ren, Wenyuan Zeng, Bin Yang},
title={Learning to Reweight Examples for Robust Deep Learning},
  journal={arXiv:1803.09050},
  year={2018}
}

@article{Language,
author={A. Radford, Jeffrey Wu, R. Child},
title={Language Models are Unsupervised Multitask Learners},
  journal={arXiv:1902.11205},
  year={2019}
}

